
@article{Educacion,
  author = {Salas, G. and Santander, P. and Precht, A. and Scholten, H. and Moretti, R. and López-López, W.},
  title = {COVID-19: impacto psicosocial en la escuela en Chile. Desigualdades y desafíos para Latinoamérica},
  journal = {Avances En Psicología Latinoamericana},
  year = {2020},
  volume = {38},
  number = {2},
  doi = {10.12804/revistas.urosario.edu.co/apl/a.9404},
  url = {https://revistas.urosario.edu.co/index.php/apl/article/view/9404/8920},
}


@book{Incremental,
  author = {Kent Beck},
  title = {Extreme Programming Explained: Embrace Change},
  year = {2000},
  publisher = {Addison-Wesley Professional},
  address = {Boston, MA, USA},
  isbn = {978-0201616415},
}

@article{Simulacion,
  title={Fundamentos para el uso de simulaciones en la ense{\~n}anza},
  author={Cataldi, Zulma and Lage, Fernando J and Dominighini, Claudio},
  journal={Revista de inform{\'a}tica educativa y medios audiovisuales},
  volume={10},
  number={17},
  pages={8--16},
  year={2013}
}